@article{Narayanan:2006rf,
    author = "Narayanan, R. and Neuberger, H.",
    title = "{Infinite N phase transitions in continuum Wilson loop operators}",
    eprint = "hep-th/0601210",
    archivePrefix = "arXiv",
    doi = "10.1088/1126-6708/2006/03/064",
    journal = "JHEP",
    volume = "03",
    pages = "064",
    year = "2006"
}
@article{Luscher:2010iy,
    author = {L\"uscher, Martin},
    title = "{Properties and uses of the Wilson flow in lattice QCD}",
    eprint = "1006.4518",
    archivePrefix = "arXiv",
    primaryClass = "hep-lat",
    reportNumber = "CERN-PH-TH-2010-143",
    doi = "10.1007/JHEP08(2010)071",
    journal = "JHEP",
    volume = "08",
    pages = "071",
    year = "2010",
    note = "[Erratum: JHEP 03, 092 (2014)]"
}
@article{Luscher:2010we,
    author = "Luscher, Martin",
    editor = "Rossi, Giancarlo",
    title = "{Topology, the Wilson flow and the HMC algorithm}",
    eprint = "1009.5877",
    archivePrefix = "arXiv",
    primaryClass = "hep-lat",
    reportNumber = "CERN-PH-TH-2010-207",
    doi = "10.22323/1.105.0015",
    journal = "PoS",
    volume = "LATTICE2010",
    pages = "015",
    year = "2010"
}
@article{Makino:2014sta,
    author = "Makino, Hiroki and Suzuki, Hiroshi",
    title = "{Renormalizability of the gradient flow in the 2D $O(N)$ non-linear sigma model}",
    eprint = "1410.7538",
    archivePrefix = "arXiv",
    primaryClass = "hep-lat",
    reportNumber = "KYUSHU-HET-144",
    doi = "10.1093/ptep/ptv028",
    journal = "PTEP",
    volume = "2015",
    number = "3",
    pages = "033B08",
    year = "2015"
}
@article{Kikuchi:2014rla,
    author = "Kikuchi, Kengo and Onogi, Tetsuya",
    title = "{Generalized Gradient Flow Equation and Its Application to Super Yang-Mills Theory}",
    eprint = "1408.2185",
    archivePrefix = "arXiv",
    primaryClass = "hep-th",
    reportNumber = "YITP-14-64, OU-HET-822",
    doi = "10.1007/JHEP11(2014)094",
    journal = "JHEP",
    volume = "11",
    pages = "094",
    year = "2014"
}
@article{Nogradi:2012dj,
    author = "Nogradi, Daniel",
    title = "{An ideal toy model for confining, walking and conformal gauge theories: the O(3) sigma model with theta-term}",
    eprint = "1202.4616",
    archivePrefix = "arXiv",
    primaryClass = "hep-lat",
    doi = "10.1007/JHEP05(2012)089",
    journal = "JHEP",
    volume = "05",
    pages = "089",
    year = "2012"
}
@article{Luscher:1981tq,
    author = "Luscher, M.",
    title = "{Does the Topological Susceptibility in Lattice Sigma Models Scale According to the Perturbative Renormalization Group?}",
    reportNumber = "BUTP-4/81-BERN",
    doi = "10.1016/0550-3213(82)90058-X",
    journal = "Nucl. Phys. B",
    volume = "200",
    pages = "61--70",
    year = "1982"
}
@inproceedings{allessalom2008,
  title = {Numerical {{Study}} of the Mass Spectrum in the {{2D O}}(3) Sigma Model with a Theta Term},
  booktitle = {Proceedings of {{The XXV International Symposium}} on {{Lattice Field Theory}} \textemdash{} {{PoS}}({{LATTICE}} 2007)},
  author = {Alles Salom, Bartolome and Papa, Alessandro},
  date = {2008-03-21},
  pages = {287},
  publisher = {{Sissa Medialab}},
  location = {{Regensburg, Germany}},
  doi = {10.22323/1.042.0287},
  url = {https://pos.sissa.it/042/287},
  urldate = {2021-04-22},
  eventtitle = {The {{XXV International Symposium}} on {{Lattice Field Theory}}},
  langid = {english}
}

@article{aoki2015,
  title = {Gradient {{Flow}} of {$O(N)$} Nonlinear Sigma Model at Large {$N$}},
  author = {Aoki, Sinya and Kikuchi, Kengo and Onogi, Tetsuya},
  date = {2015-04},
  journal = {J. High Energ. Phys.},
  volume = {2015},
  number = {4},
  eprint = {1412.8249},
  eprinttype = {arxiv},
  pages = {156},
  issn = {1029-8479},
  doi = {10.1007/JHEP04(2015)156},
  url = {http://arxiv.org/abs/1412.8249},
  urldate = {2020-07-10},
  archiveprefix = {arXiv},
  issue = {4},
  langid = {english}
}

@article{azcoiti2012,
  title = {Critical Behaviour of the {{O}}(3) Nonlinear Sigma Model with Topological Term at Theta=pi from Numerical Simulations},
  author = {Azcoiti, Vicente and Di Carlo, Giuseppe and Follana, Eduardo and Giordano, Matteo},
  date = {2012-11-27},
  journal = {Phys. Rev. D},
  volume = {86},
  number = {9},
  eprint = {1207.4905},
  eprinttype = {arxiv},
  pages = {096009},
  issn = {1550-7998, 1550-2368},
  doi = {10.1103/PhysRevD.86.096009},
  url = {http://arxiv.org/abs/1207.4905},
  urldate = {2021-01-21},
  archiveprefix = {arXiv},
  issue = {9},
  keywords = {High Energy Physics - Lattice}
}

@article{balog2012,
  title = {Drastic {{Reduction}} of {{Cutoff Effects}} in 2-d {{Lattice O}}({{N}}) {{Models}}},
  author = {Balog, J. and Niedermayer, F. and Pepe, M. and Weisz, P. and Wiese, U.-J.},
  date = {2012-11},
  journal = {J. High Energ. Phys.},
  volume = {2012},
  number = {11},
  eprint = {1208.6232},
  eprinttype = {arxiv},
  pages = {140},
  issn = {1029-8479},
  doi = {10.1007/JHEP11(2012)140},
  url = {http://arxiv.org/abs/1208.6232},
  urldate = {2020-09-15},
  archiveprefix = {arXiv},
  issue = {11},
  keywords = {High Energy Physics - Lattice,Need to read}
}

@article{berg1981,
  title = {Definition and Statistical Distributions of a Topological Number in the Lattice {$O(3)$} {$\sigma$}-Model},
  author = {Berg, B and L\"uscher, Martin},
  date = {1981},
  journal = {Nuclear Physics B},
  volume = {190},
  number = {2},
  pages = {412--424},
  publisher = {{Elsevier}},
  issue = {2}
}

@article{bietenholz2010,
  title = {Topological {{Lattice Actions}}},
  author = {Bietenholz, W. and Gerber, U. and Pepe, M. and Wiese, U.-J.},
  date = {2010-12},
  journal = {J. High Energ. Phys.},
  volume = {2010},
  number = {12},
  eprint = {1009.2146},
  eprinttype = {arxiv},
  pages = {20},
  issn = {1029-8479},
  doi = {10.1007/JHEP12(2010)020},
  url = {http://arxiv.org/abs/1009.2146},
  urldate = {2021-04-20},
  archiveprefix = {arXiv},
  langid = {english},
  keywords = {High Energy Physics - Lattice,High Energy Physics - Theory}
}

@article{bietenholz2018,
  title = {Topological {{Susceptibility}} of the 2d {{O}}(3) {{Model}} under {{Gradient Flow}}},
  author = {Bietenholz, Wolfgang and de Forcrand, Philippe and Gerber, Urs and Mej\'ia-D\'iaz, H\'ector and Sandoval, Ilya O.},
  options = {useprefix=true},
  date = {2018-12-05},
  journal = {Phys. Rev. D},
  volume = {98},
  number = {11},
  eprint = {1808.08129},
  eprinttype = {arxiv},
  pages = {114501},
  issn = {2470-0010, 2470-0029},
  doi = {10.1103/PhysRevD.98.114501},
  url = {http://arxiv.org/abs/1808.08129},
  urldate = {2021-01-21},
  archiveprefix = {arXiv},
  issue = {11},
  keywords = {Condensed Matter - Statistical Mechanics,High Energy Physics - Lattice}
}

@article{binder1981,
  title = {Finite Size Scaling Analysis of Ising Model Block Distribution Functions},
  author = {Binder, K.},
  date = {1981-06-01},
  journal = {Zeitschrift f\"ur Physik B Condensed Matter},
  volume = {43},
  number = {2},
  pages = {119--140},
  issn = {1431-584X},
  doi = {10.1007/BF01293604},
  url = {https://doi.org/10.1007/BF01293604}
}

@article{bogli2012,
  title = {Non-Trivial {$\theta$}-Vacuum Effects in the 2-d {{O}}(3) Model},
  author = {B\"ogli, M. and Niedermayer, F. and Pepe, M. and Wiese, U.-J.},
  date = {2012-04},
  journal = {J. High Energ. Phys.},
  volume = {2012},
  number = {4},
  pages = {117},
  issn = {1029-8479},
  doi = {10.1007/JHEP04(2012)117},
  url = {http://link.springer.com/10.1007/JHEP04(2012)117},
  urldate = {2021-03-01},
  langid = {english}
}

@article{bruno2014,
  title = {Topological Susceptibility and the Sampling of Field Space in {$N_f = 2$} Lattice {{QCD}} Simulations},
  author = {Bruno, Mattia and Schaefer, Stefan and Sommer, Rainer and {ALPHA Collaboration}},
  date = {2014-08-26},
  journal = {Journal of High Energy Physics},
  volume = {2014},
  number = {8},
  pages = {150},
  issn = {1029-8479},
  doi = {10.1007/JHEP08(2014)150},
  url = {https://doi.org/10.1007/JHEP08(2014)150}
}

@article{callan1985,
  title = {Strings in Background Fields},
  author = {Callan, C.G. and Friedan, D. and Martinec, E.J. and Perry, M.J.},
  date = {1985},
  journal = {Nuclear Physics B},
  volume = {262},
  number = {4},
  pages = {593--609},
  issn = {0550-3213},
  doi = {10.1016/0550-3213(85)90506-1},
  url = {https://www.sciencedirect.com/science/article/pii/0550321385905061}
}

@article{chang1976,
  title = {Existence of a Second-Order Phase Transition in a Two-Dimensional {{$\varphi^{4}$}} Field Theory},
  author = {Chang, Shau-Jin},
  date = {1976-05},
  journal = {Phys. Rev. D},
  volume = {13},
  number = {10},
  pages = {2778--2788},
  publisher = {{American Physical Society}},
  doi = {10.1103/PhysRevD.13.2778},
  url = {https://link.aps.org/doi/10.1103/PhysRevD.13.2778},
  pagetotal = {0}
}

@article{deldebbio2005,
  title = {Topological Susceptibility in the {{SU}}(3) Gauge Theory},
  author = {Del Debbio, Luigi and Giusti, Leonardo and Pica, Claudio},
  date = {2005-01-26},
  journal = {Phys. Rev. Lett.},
  volume = {94},
  number = {3},
  eprint = {hep-th/0407052},
  eprinttype = {arxiv},
  pages = {032003},
  issn = {0031-9007, 1079-7114},
  doi = {10.1103/PhysRevLett.94.032003},
  url = {http://arxiv.org/abs/hep-th/0407052},
  urldate = {2021-01-21},
  archiveprefix = {arXiv},
  issue = {3},
  keywords = {High Energy Physics - Lattice,High Energy Physics - Theory}
}

@incollection{feynman1963a,
  title = {The {{Principle}} of {{Least Action}}},
  booktitle = {The {{Feynman Lectures}} on {{Physics}}},
  author = {Feynman, Richard P. and Leighton, Robert B. and Sands, Matthew L.},
  date = {1963},
  series = {World Student Series},
  volume = {II},
  publisher = {{Addison-Wesley Pub. Co.}},
  location = {{Reading, Mass.}},
  url = {http://www.feynmanlectures.caltech.edu/},
  isbn = {0-201-02010-6 978-0-201-02010-6 0-201-02116-1 978-0-201-02116-5 0-201-02011-4 978-0-201-02011-3 0-201-02117-X 978-0-201-02117-2 0-201-02118-8 978-0-201-02118-9 0-8053-9045-6 978-0-8053-9045-2 0-8053-9046-4 978-0-8053-9046-9 0-8053-9047-2 978-0-8053-9047-6 0-8053-9049-9 978-0-8053-9049-0 0-8053-9063-4 978-0-8053-9063-6 81-85015-82-1 978-81-85015-82-8 0-201-51003-0 978-0-201-51003-4},
  langid = {english}
}

@article{giusti2004,
  title = {Topological Susceptibility in Full {{QCD}} with {{Ginsparg}}\textendash{{Wilson}} Fermions},
  author = {Giusti, L. and Rossi, G.C. and Testa, M.},
  date = {2004-05},
  journal = {Physics Letters B},
  volume = {587},
  number = {1-2},
  pages = {157--166},
  issn = {03702693},
  doi = {10.1016/j.physletb.2004.03.010},
  url = {https://linkinghub.elsevier.com/retrieve/pii/S0370269304003922},
  urldate = {2021-04-21},
  langid = {english}
}

@article{goddard1986,
  title = {Topological Structures in Field Theories},
  author = {Goddard, P and Mansfield, P},
  date = {1986-07-01},
  journal = {Rep. Prog. Phys.},
  volume = {49},
  number = {7},
  pages = {725--781},
  issn = {0034-4885, 1361-6633},
  doi = {10.1088/0034-4885/49/7/001},
  url = {https://iopscience.iop.org/article/10.1088/0034-4885/49/7/001},
  urldate = {2021-04-21},
  langid = {english}
}

@article{hasenbusch1995,
  title = {An Improved Estimator for the Correlation Function of {{2D}} Nonlinear Sigma Models},
  author = {Hasenbusch, M.},
  date = {1995-04},
  journal = {Nuclear Physics B - Proceedings Supplements},
  volume = {42},
  number = {1-3},
  pages = {764--766},
  issn = {09205632},
  doi = {10.1016/0920-5632(95)00375-J},
  url = {https://linkinghub.elsevier.com/retrieve/pii/092056329500375J},
  urldate = {2021-02-10},
  langid = {english}
}

@book{horgan2014,
  title = {Statistical {{Field Theory}}},
  author = {Horgan, R R},
  date = {2014-12-04},
  langid = {english}
}

@article{hoshen1976,
  title = {Percolation and Cluster Distribution. {{I}}. {{Cluster}} Multiple Labeling Technique and Critical Concentration Algorithm},
  author = {Hoshen, J. and Kopelman, R.},
  date = {1976-10-15},
  journal = {Phys. Rev. B},
  volume = {14},
  number = {8},
  pages = {3438--3445},
  issn = {0556-2805},
  doi = {10.1103/PhysRevB.14.3438},
  url = {https://link.aps.org/doi/10.1103/PhysRevB.14.3438},
  urldate = {2020-09-18},
  issue = {8},
  langid = {english}
}

@article{ioffe2003,
  title = {Condensates in Quantum Chromodynamics},
  author = {Ioffe, B. L.},
  date = {2003-01},
  journal = {Phys. Atom. Nuclei},
  volume = {66},
  number = {1},
  pages = {30--43},
  issn = {1063-7788, 1562-692X},
  doi = {10.1134/1.1540654},
  url = {http://link.springer.com/10.1134/1.1540654},
  urldate = {2020-11-16},
  issue = {1},
  langid = {english}
}

@article{kibble1980,
  title = {Some Implications of a Cosmological Phase Transition},
  author = {Kibble, T.W.B.},
  date = {1980-12},
  journal = {Physics Reports},
  volume = {67},
  number = {1},
  pages = {183--199},
  issn = {03701573},
  doi = {10.1016/0370-1573(80)90091-5},
  url = {https://linkinghub.elsevier.com/retrieve/pii/0370157380900915},
  urldate = {2021-10-27},
  langid = {english}
}

@article{kitaev1997,
  title = {Quantum Computations: Algorithms and Error Correction},
  shorttitle = {Quantum Computations},
  author = {Kitaev, A Yu},
  date = {1997-12-31},
  journal = {Russ. Math. Surv.},
  volume = {52},
  number = {6},
  pages = {1191--1249},
  issn = {0036-0279, 1468-4829},
  doi = {10.1070/RM1997v052n06ABEH002155},
  url = {http://stacks.iop.org/0036-0279/52/i=6/a=R02?key=crossref.9a3dd3d906e4a9338822c6992ae26e8a},
  urldate = {2021-04-21},
  langid = {english}
}

@book{kleinert2001,
  title = {Critical {{Properties}} of {$\phi^4$}-{{Theories}}},
  author = {Kleinert, Hagen and Schulte-Frohlinde, Verena},
  date = {2001},
  langid = {english}
}

@book{kleinert2016,
  title = {Particles and Quantum Fields},
  author = {Kleinert, Hagen},
  date = {2016},
  isbn = {978-981-4740-91-3},
  langid = {english},
  annotation = {OCLC: 988732289}
}

@article{koerner,
  title = {Non-perturbative renormalization on the lattice},
  author = {K\"orner, Daniel},
  pages = {124},
  langid = {german}
}

@article{loinaz1998,
  title = {Monte {{Carlo Simulation Calculation}} of {{Critical Coupling Constant}} for {{Continuum}} {$\phi^4_2$}},
  author = {Loinaz, Will and Willey, R. S.},
  date = {1998-09-10},
  journal = {Phys. Rev. D},
  volume = {58},
  number = {7},
  eprint = {hep-lat/9712008},
  eprinttype = {arxiv},
  pages = {076003},
  issn = {0556-2821, 1089-4918},
  doi = {10.1103/PhysRevD.58.076003},
  url = {http://arxiv.org/abs/hep-lat/9712008},
  urldate = {2020-07-20},
  archiveprefix = {arXiv},
  issue = {7}
}

@article{luscher2010,
  title = {Properties and Uses of the {{Wilson}} Flow in Lattice {{QCD}}},
  author = {L\"uscher, Martin},
  date = {2010-08},
  journal = {J. High Energ. Phys.},
  volume = {2010},
  number = {8},
  eprint = {1006.4518},
  eprinttype = {arxiv},
  pages = {71},
  issn = {1029-8479},
  doi = {10.1007/JHEP08(2010)071},
  url = {http://arxiv.org/abs/1006.4518},
  urldate = {2021-02-01},
  archiveprefix = {arXiv},
  issue = {8},
  langid = {english},
  keywords = {High Energy Physics - Lattice,High Energy Physics - Theory}
}

@article{luscher2013,
  title = {Chiral Symmetry and the {{Yang}}--{{Mills}} Gradient Flow},
  author = {L\"uscher, Martin},
  date = {2013-04},
  journal = {J. High Energ. Phys.},
  volume = {2013},
  number = {4},
  eprint = {1302.5246},
  eprinttype = {arxiv},
  pages = {123},
  issn = {1029-8479},
  doi = {10.1007/JHEP04(2013)123},
  url = {http://arxiv.org/abs/1302.5246},
  urldate = {2021-03-31},
  archiveprefix = {arXiv},
  langid = {english},
  keywords = {High Energy Physics - Lattice}
}

@article{makino2015,
  title = {Large-{{N}} Limit of the Gradient Flow in the {{2D O}}({{N}}) Nonlinear Sigma Model},
  author = {Makino, H. and Sugino, F. and Suzuki, H.},
  date = {2015-04-15},
  journal = {Progress of Theoretical and Experimental Physics},
  volume = {2015},
  number = {4},
  pages = {43B07-0},
  issn = {2050-3911},
  doi = {10.1093/ptep/ptv044},
  url = {https://academic.oup.com/ptep/article-lookup/doi/10.1093/ptep/ptv044},
  urldate = {2020-07-10},
  issue = {4},
  langid = {english}
}

@article{makino2015a,
  title = {Renormalizability of the Gradient Flow in the {{2D}} {$O(N)$} Non-Linear Sigma Model},
  author = {Makino, Hiroki and Suzuki, Hiroshi},
  date = {2015-03-19},
  journal = {Progress of Theoretical and Experimental Physics},
  volume = {2015},
  number = {3},
  eprint = {1410.7538},
  eprinttype = {arxiv},
  pages = {33B08-0},
  issn = {2050-3911},
  doi = {10.1093/ptep/ptv028},
  url = {http://arxiv.org/abs/1410.7538},
  urldate = {2020-07-10},
  archiveprefix = {arXiv},
  issue = {3},
  langid = {english}
}

@article{mejia-diaz2018,
  title = {Topological {{Susceptibility}} under {{Gradient Flow}}},
  author = {Mej\'ia-D\'iaz, H\'ector and Bietenholz, Wolfgang and Cichy, Krzysztof and de Forcrand, Philippe and Dromard, Arthur and Gerber, Urs and Sandoval, Ilya O.},
  options = {useprefix=true},
  date = {2018},
  journal = {EPJ Web Conf.},
  volume = {175},
  eprint = {1712.01395},
  eprinttype = {arxiv},
  pages = {11024},
  issn = {2100-014X},
  doi = {10.1051/epjconf/201817511024},
  url = {http://arxiv.org/abs/1712.01395},
  urldate = {2021-01-21},
  archiveprefix = {arXiv},
  keywords = {High Energy Physics - Lattice}
}

@article{metropolis1953,
  title = {Equation of {{State Calculations}} by {{Fast Computing Machines}}},
  author = {Metropolis, Nicholas and Rosenbluth, Arianna W. and Rosenbluth, Marshall N. and Teller, Augusta H. and Teller, Edward},
  date = {1953-06},
  journal = {The Journal of Chemical Physics},
  volume = {21},
  number = {6},
  pages = {1087--1092},
  issn = {0021-9606, 1089-7690},
  doi = {10.1063/1.1699114},
  url = {http://aip.scitation.org/doi/10.1063/1.1699114},
  urldate = {2021-11-08},
  langid = {english}
}

@article{michael1986,
  title = {Fast Heat-Bath Algorithm for the {{Ising}} Model},
  author = {Michael, C.},
  date = {1986-06-01},
  journal = {Phys. Rev. B},
  volume = {33},
  number = {11},
  pages = {7861--7862},
  issn = {0163-1829},
  doi = {10.1103/PhysRevB.33.7861},
  url = {https://link.aps.org/doi/10.1103/PhysRevB.33.7861},
  urldate = {2020-09-18},
  issue = {11},
  langid = {english}
}

@article{monahan2015,
  title = {Locally Smeared Operator Product Expansions in Scalar Field Theory},
  author = {Monahan, Christopher and Orginos, Kostas},
  date = {2015-04-20},
  journal = {Phys. Rev. D},
  volume = {91},
  number = {7},
  pages = {074513},
  issn = {1550-7998, 1550-2368},
  doi = {10.1103/PhysRevD.91.074513},
  url = {https://link.aps.org/doi/10.1103/PhysRevD.91.074513},
  urldate = {2020-07-10},
  issue = {7},
  langid = {english}
}

@inproceedings{monahan2016,
  title = {The Gradient Flow in Simple Field Theories},
  booktitle = {Proceedings of {{The}} 33rd {{International Symposium}} on {{Lattice Field Theory}} \textemdash{} {{PoS}}({{LATTICE}} 2015)},
  author = {Monahan, Christopher},
  date = {2016-07-15},
  pages = {052},
  publisher = {{Sissa Medialab}},
  location = {{Kobe International Conference Center, Kobe, Japan}},
  doi = {10.22323/1.251.0052},
  url = {https://pos.sissa.it/251/052},
  urldate = {2020-07-10},
  eventtitle = {The 33rd {{International Symposium}} on {{Lattice Field Theory}}},
  langid = {english}
}

@online{morningstar2007,
  title = {The {{Monte Carlo}} Method in Quantum Field Theory},
  author = {Morningstar, Colin},
  date = {2007-02-20},
  eprint = {hep-lat/0702020},
  eprinttype = {arxiv},
  url = {http://arxiv.org/abs/hep-lat/0702020},
  urldate = {2020-07-31},
  archiveprefix = {arXiv},
  keywords = {High Energy Physics - Lattice}
}

@article{munthe-kaas1999,
  title = {High Order {{Runge}}-{{Kutta}} Methods on Manifolds},
  author = {Munthe-Kaas, Hans},
  date = {1999-01},
  journal = {Applied Numerical Mathematics},
  volume = {29},
  number = {1},
  pages = {115--127},
  issn = {01689274},
  doi = {10.1016/S0168-9274(98)00030-0},
  url = {https://linkinghub.elsevier.com/retrieve/pii/S0168927498000300},
  urldate = {2021-02-01},
  issue = {1},
  langid = {english}
}

@book{newman1999,
  title = {Monte {{Carlo Methods}} in {{Statistical Physics}}},
  author = {Newman, M. E. J. and Barkema, G. T.},
  date = {1999},
  publisher = {{Oxford University Press}},
  location = {{Oxford}}
}

@article{nogradi2012,
  title = {An Ideal Toy Model for Confining, Walking and Conformal Gauge Theories: The {{O}}(3) Sigma Model with Theta-Term},
  shorttitle = {An Ideal Toy Model for Confining, Walking and Conformal Gauge Theories},
  author = {Nogradi, Daniel},
  date = {2012-05},
  journal = {J. High Energ. Phys.},
  volume = {2012},
  number = {5},
  eprint = {1202.4616},
  eprinttype = {arxiv},
  pages = {89},
  issn = {1029-8479},
  doi = {10.1007/JHEP05(2012)089},
  url = {http://arxiv.org/abs/1202.4616},
  urldate = {2021-10-26},
  archiveprefix = {arXiv},
  langid = {english},
  keywords = {High Energy Physics - Lattice,High Energy Physics - Theory}
}

@article{odom2006,
  title = {New Measurement of the Electron Magnetic Moment Using a One-Electron Quantum Cyclotron},
  author = {Odom, B. and Hanneke, D. and D'Urso, B. and Gabrielse, G.},
  date = {2006-07},
  journal = {Phys. Rev. Lett.},
  volume = {97},
  number = {3},
  pages = {030801},
  publisher = {{American Physical Society}},
  doi = {10.1103/PhysRevLett.97.030801},
  url = {https://link.aps.org/doi/10.1103/PhysRevLett.97.030801},
  pagetotal = {4}
}

@article{polyakov1975,
  title = {Interaction of Goldstone Particles in Two Dimensions. {{Applications}} to Ferromagnets and Massive {{Yang}}-{{Mills}} Fields},
  author = {Polyakov, A.M.},
  date = {1975},
  journal = {Physics Letters B},
  volume = {59},
  number = {1},
  pages = {79--81},
  issn = {0370-2693},
  doi = {10.1016/0370-2693(75)90161-6},
  url = {https://www.sciencedirect.com/science/article/pii/0370269375901616}
}

@thesis{schaich2006,
  type = {Senior Thesis (unpublished)},
  title = {Lattice {{Simulations}} of {{Nonperturbative Quantum Field Theories}}},
  author = {Schaich, David A and Loinaz, William},
  date = {2006-05-12},
  institution = {{Amherst College}},
  langid = {english},
  annotation = {(unpublished)}
}

@article{solbrig2008,
  title = {Quantitative Comparison of Filtering Methods in Lattice {{QCD}}},
  author = {Solbrig, Stefan and Bruckmann, Falk and Gattringer, Christof and Ilgenfritz, Ernst-Michael and Muller-Preussker, Michael and Schafer, Andreas},
  date = {2008},
  journal = {PoS},
  volume = {LATTICE 2007},
  pages = {334},
  doi = {10.22323/1.042.0334}
}

@article{swendsen1987,
  title = {Nonuniversal Critical Dynamics in {{Monte Carlo}} Simulations},
  author = {Swendsen, Robert H. and Wang, Jian-Sheng},
  date = {1987-01-12},
  journal = {Phys. Rev. Lett.},
  volume = {58},
  number = {2},
  pages = {86--88},
  issn = {0031-9007},
  doi = {10.1103/PhysRevLett.58.86},
  url = {https://link.aps.org/doi/10.1103/PhysRevLett.58.86},
  urldate = {2021-04-08},
  langid = {english}
}

@book{tong2007,
  title = {Quantum {{Field Theory}}},
  author = {Tong, David},
  date = {2007},
  series = {University of {{Cambridge Part III Mathematical Tripos}}},
  langid = {english}
}

@book{tong2017,
  title = {Statistical {{Field Theory}}},
  author = {Tong, David},
  date = {2017},
  series = {University of {{Cambridge Part III Mathematical Tripos}}},
  langid = {english}
}

@article{toussaint1989,
  title = {Error Analysis of Simulation Results: A Sample Problem},
  author = {Toussaint, D},
  date = {1989-12},
  number = {AZPH-TH-89-72},
  pages = {12 p},
  url = {https://cds.cern.ch/record/204810},
  issue = {AZPH-TH-89-72}
}

@article{veneziano1979,
  title = {U(1) without Instantons},
  author = {Veneziano, G.},
  date = {1979-11},
  journal = {Nuclear Physics B},
  volume = {159},
  number = {1-2},
  pages = {213--224},
  issn = {05503213},
  doi = {10.1016/0550-3213(79)90332-8},
  url = {https://linkinghub.elsevier.com/retrieve/pii/0550321379903328},
  urldate = {2021-10-27},
  langid = {english}
}

@book{vetterling1992,
  title = {Numerical Recipes: Example Book {{C}}},
  author = {Vetterling, William T and Press, William H and Teukolsky, Saul A and Flannery, Brian P},
  date = {1992},
  publisher = {{Cambridge University Press}},
  location = {{Cambridge}}
}

@article{virtanen2020,
  title = {{{SciPy}} 1.0: Fundamental Algorithms for Scientific Computing in Python},
  author = {Virtanen, Pauli and Gommers, Ralf and Oliphant, Travis E. and Haberland, Matt and Reddy, Tyler and Cournapeau, David and Burovski, Evgeni and Peterson, Pearu and Weckesser, Warren and Bright, Jonathan and van der Walt, St\'efan J. and Brett, Matthew and Wilson, Joshua and Millman, K. Jarrod and Mayorov, Nikolay and Nelson, Andrew R. J. and Jones, Eric and Kern, Robert and Larson, Eric and Carey, C J and Polat, \.Ilhan and Feng, Yu and Moore, Eric W. and VanderPlas, Jake and Laxalde, Denis and Perktold, Josef and Cimrman, Robert and Henriksen, Ian and Quintero, E. A. and Harris, Charles R. and Archibald, Anne M. and Ribeiro, Ant\^onio H. and Pedregosa, Fabian and van Mulbregt, Paul and {SciPy 1.0 Contributors}},
  options = {useprefix=true},
  date = {2020},
  journal = {Nature Methods},
  volume = {17},
  pages = {261--272},
  doi = {10.1038/s41592-019-0686-2},
  adsurl = {https://rdcu.be/b08Wh}
}

@article{wang1989,
  title = {Clusters in the Three-Dimensional {{Ising}} Model with a Magnetic Field},
  author = {Wang, Jian-Sheng},
  date = {1989-11},
  journal = {Physica A: Statistical Mechanics and its Applications},
  volume = {161},
  number = {2},
  pages = {249--268},
  issn = {03784371},
  doi = {10.1016/0378-4371(89)90468-8},
  url = {https://linkinghub.elsevier.com/retrieve/pii/0378437189904688},
  urldate = {2020-09-18},
  issue = {2},
  langid = {english}
}

@article{weisskopf1981,
  title = {Development of Field Theory in the Last 50 Years},
  author = {Weisskopf, Victor F.},
  date = {1981},
  journal = {Physics today},
  volume = {34},
  number = {11},
  pages = {69},
  publisher = {{American Institute of Physics,}},
  address = {[College Park, Md.] :},
  issn = {0031-9228}
}

@article{wilson,
  title = {Confinement of Quarks},
  author = {Wilson, Kenneth G},
  pages = {15},
  langid = {english}
}

@article{wilson1974,
  title = {Confinement of Quarks},
  author = {Wilson, Kenneth G.},
  date = {1974-10},
  journal = {Phys. Rev. D},
  volume = {10},
  number = {8},
  pages = {2445--2459},
  publisher = {{American Physical Society}},
  doi = {10.1103/PhysRevD.10.2445},
  url = {https://link.aps.org/doi/10.1103/PhysRevD.10.2445},
  pagetotal = {0}
}

@article{witten1979,
  title = {Current Algebra Theorems for the {{U}}(1) ``{{Goldstone}} Boson''},
  author = {Witten, E.},
  date = {1979},
  journal = {Nuclear Physics B},
  volume = {156},
  number = {2},
  pages = {269--283},
  issn = {0550-3213},
  doi = {10.1016/0550-3213(79)90031-2},
  url = {https://www.sciencedirect.com/science/article/pii/0550321379900312}
}

@article{wolff1989,
  title = {Collective Monte Carlo Updating for Spin Systems},
  author = {Wolff, Ulli},
  date = {1989-01},
  journal = {Phys. Rev. Lett.},
  volume = {62},
  number = {4},
  pages = {361--364},
  publisher = {{American Physical Society}},
  doi = {10.1103/PhysRevLett.62.361},
  url = {https://link.aps.org/doi/10.1103/PhysRevLett.62.361},
  pagetotal = {0}
}

@article{wolff2007,
  title = {Monte {{Carlo}} Errors with Less Errors},
  author = {Wolff, Ulli},
  date = {2007-03},
  journal = {Computer Physics Communications},
  volume = {176},
  number = {5},
  eprint = {hep-lat/0306017},
  eprinttype = {arxiv},
  pages = {383},
  issn = {00104655},
  doi = {10.1016/j.cpc.2006.12.001},
  url = {http://arxiv.org/abs/hep-lat/0306017},
  urldate = {2020-07-20},
  archiveprefix = {arXiv},
  issue = {5}
}

@book{zee2010,
  title = {Quantum Field Theory in a Nutshell},
  author = {Zee, Anthony},
  date = {2010},
  volume = {7},
  publisher = {{Princeton University Press}}
}

@book{zotero-56,
  title = {Introduction to {{QCD}} and the {{Standard Model}}}
}


